% Bibliographie complète pour la thèse Luwai
% Références académiques et professionnelles sur l'IA et l'entrepreneurship

% === SOURCES ACADÉMIQUES ===

% Ouvrages de Référence
@book{christensen1997innovator,
  title={The Innovator's Dilemma: When New Technologies Cause Great Firms to Fail},
  author={Christensen, Clayton M.},
  year={1997},
  publisher={Harvard Business Review Press}
}

@article{davis1989perceived,
  title={Perceived Usefulness, Perceived Ease of Use, and User Acceptance of Information Technology},
  author={Davis, Fred D.},
  journal={MIS Quarterly},
  volume={13},
  number={3},
  pages={319--340},
  year={1989},
  publisher={JSTOR}
}

@book{hofstede2001culture,
  title={Culture's Consequences: Comparing Values, Behaviors, Institutions and Organizations Across Nations},
  author={Hofstede, Geert},
  edition={2nd},
  year={2001},
  publisher={Sage Publications}
}

@book{rogers2003diffusion,
  title={Diffusion of Innovation},
  author={Rogers, Everett M.},
  edition={5th},
  year={2003},
  publisher={Free Press}
}

@article{teece2007dynamic,
  title={Explicating Dynamic Capabilities: The Nature and Microfoundations of (Sustainable) Enterprise Performance},
  author={Teece, David J.},
  journal={Strategic Management Journal},
  volume={28},
  number={13},
  pages={1319--1350},
  year={2007}
}

@article{venkatesh2003user,
  title={User Acceptance of Information Technology: Toward a Unified View},
  author={Venkatesh, Viswanath and Morris, Michael G. and Davis, Gordon B. and Davis, Fred D.},
  journal={MIS Quarterly},
  volume={27},
  number={3},
  pages={425--478},
  year={2003},
  publisher={JSTOR}
}

% Articles de Recherche
@article{dwivedi2021artificial,
  title={Artificial Intelligence (AI): Multidisciplinary Perspectives on Emerging Challenges, Opportunities, and Agenda for Research, Practice and Policy},
  author={Dwivedi, Yogesh K. and Hughes, Laurie and Ismagilova, Elvira and others},
  journal={International Journal of Information Management},
  volume={57},
  pages={101994},
  year={2021}
}

@article{fountaine2019building,
  title={Building the AI-Powered Organization},
  author={Fountaine, Tim and McCarthy, Brian and Saleh, Tamim},
  journal={Harvard Business Review},
  month={July-August},
  year={2019}
}

@article{ransbotham2017reshaping,
  title={Reshaping Business with Artificial Intelligence: Closing the Gap Between Ambition and Action},
  author={Ransbotham, Sam and Kiron, David and Gerbert, Philipp and Reeves, Martin},
  journal={MIT Sloan Management Review and Boston Consulting Group},
  year={2017}
}

% === SOURCES PROFESSIONNELLES ===

% Rapports et Études Sectorielles
@report{bpifrance2017dirigeants,
  title={Les dirigeants de PME-ETI face au digital},
  author={{Bpifrance Le Lab}},
  type={Étude quantitative},
  year={2017},
  month={juillet},
  note={Consulté le 23 septembre 2025}
}

@report{bpifrance2025ia,
  title={L'IA dans les PME et ETI françaises : une révolution tranquille},
  author={{Bpifrance}},
  type={Rapport d'étude},
  year={2025},
  month={6},
  note={Consulté le 23 septembre 2025}
}

@report{france_strategie2025make,
  title={Make France an AI Powerhouse},
  author={{France Stratégie}},
  type={Rapport gouvernemental},
  institution={Élysée},
  year={2025},
  note={Consulté le 23 septembre 2025}
}

@report{mckinsey2023age,
  title={The Age of AI: And Our Human Future},
  author={{McKinsey Global Institute}},
  type={Rapport économique global sur l'IA},
  year={2023}
}

@report{micropole2025ia,
  title={L'IA générative : une adoption fulgurante mais des défis structurels majeurs},
  author={{Micropole}},
  type={Baromètre transformation digitale},
  year={2025},
  month={mai}
}

% Sources Gouvernementales et Institutionnelles
@online{laboratoire2025how,
    author = {{Laboratoire de la Société Numérique}},
    title = {Comment l'IA influence-t-elle le télétravail ?},
    url = {https://laboratoire.numerique.gouv.fr/ia-teletravail},
    month = {5},
    year = {2025},
    note = {Consulté le 15 août 2025}
}

@report{observatoire2024barometre,
  title={Baromètre de l'adoption de l'IA en entreprise},
  author={{Observatoire de l'IA - Université Paris Dauphine}},
  type={Étude annuelle},
  year={2024}
}

% === SOURCES PRIMAIRES LUWAI ===

% Entretiens et Données Terrain
@misc{luwai2025base,
  title={Base de données prospects Luwai},
  author={{Luwai}},
  howpublished={63 entretiens téléphoniques menés entre juin et août 2025},
  note={Fichier Excel "Meeting-avec-notes.xlsx". Données anonymisées},
  year={2025}
}

% Propositions commerciales
@misc{luwai2025aesio,
  title={Proposition Aesio},
  author={{Luwai}},
  howpublished={Destinataire : Marine Peyramaure, Directrice Marque et Communication Externe},
  note={Montant : 3,200€ HT},
  month={7},
  year={2025}
}

@misc{luwai2025antilogy,
  title={Proposition Commerciale Luwai x Antilogy},
  author={{Luwai}},
  howpublished={Programme formation IA 15 collaborateurs},
  note={Montant : 3,500€ HT},
  year={2025}
}

@misc{luwai2025integrhale,
  title={Proposition Intégrhale x Luwai},
  author={{Luwai}},
  howpublished={Accompagnement cabinet recrutement packaging},
  note={Montant : 2,600€ HT},
  year={2025}
}

@misc{luwai2025carecall,
  title={Proposition Carecall x Luwai},
  author={{Luwai}},
  howpublished={Automatisation génération leads B2B secteur santé},
  note={Montant : 2,500€ HT},
  year={2025}
}

@misc{luwai2025tectona,
  title={Proposition d'Accompagnement Tectona x Luwai},
  author={{Luwai}},
  howpublished={Formation managériale + audit vertical PME mobilier},
  note={Montant : 3,500€ HT},
  year={2025}
}

% Thèses de Référence HEC Entrepreneurs
@mastersthesis{chocron2021can,
  title={Can you create a scale-up nation? Analyzing the impact of culture on the scale-up phase of French and Israeli ventures},
  author={Chocron, L.},
  school={MS X-HEC Entrepreneurs},
  note={sous la direction du Prof. Alain Bloch},
  year={2021}
}

@mastersthesis{debray2018quels,
  title={Quels futurs pour le traitement de l'information ? Appliqué au marketing B2C},
  author={De Bray, H.},
  school={HEC Entrepreneurs},
  note={sous la direction de Thierry Mutin},
  year={2018}
}

@mastersthesis{deboissieu2018essor,
  title={L'essor des technologies en matière de ressources humaines : allons-nous vers moins d'humain ?},
  author={De Boissieu, A.},
  school={MS X-HEC Entrepreneurs},
  note={sous la direction d'Arnaud Blachon},
  year={2018}
}

@mastersthesis{aron2014innovation,
  title={L'innovation dans le marché de l'art contemporain},
  author={Aron, A.},
  school={Master Entrepreneurs HEC Paris},
  note={sous la direction de M. Thomas Paris},
  year={2014}
}

% === SOURCES NUMÉRIQUES ET WEB ===

% Sites Institutionnels et Professionnels
@online{artimon2025theorie,
  title={La théorie unifiée de l'acceptation et de l'utilisation de la technologie},
  author={{Artimon}},
  url={https://artimon.fr/perspectives/la-theorie-unifiee-de-lacceptation-et-de-lutilisation-de-la-technologie/},
  note={Consulté le 23 septembre 2025},
  year={2025}
}

@online{businessfrance2024artificial,
  title={Artificial Intelligence (AI) - Invest in France},
  author={{Business France}},
  url={https://www.businessfrance.fr/en/invest-in-france/key-sectors/artificial-intelligence},
  note={Consulté le 23 septembre 2025},
  year={2024}
}

@online{chambers2025artificial,
  title={Artificial Intelligence 2025 - France},
  author={{Chambers Global Practice Guides}},
  note={Guide juridique et réglementaire IA. Consulté le 23 septembre 2025},
  year={2025}
}

@online{digitalunicorn2025transformation,
  title={Transformation digitale 2025 : Guide COMPLET pour PME-ETI},
  author={{Digital Unicorn}},
  url={https://digitalunicorn.fr/transformation-digitale-2025-pour-pme-eti/},
  note={Consulté le 23 septembre 2025},
  year={2025}
}

@online{extencia2025ou,
  title={Où vont les budgets des ETI en 2025 ? IA, cybersécurité \& digital},
  author={{Extencia}},
  url={https://www.extencia.fr/investissements-eti-2025-digital-cybersecurite-ia},
  note={Consulté le 23 septembre 2025},
  year={2025}
}

@online{francenum2025ia,
  title={L'IA dans les PME et ETI françaises : une révolution tranquille},
  author={{France Num}},
  url={https://www.francenum.gouv.fr/magazine-du-numerique/lia-dans-les-pme-et-eti-francaises-une-revolution-tranquille},
  note={Consulté le 23 septembre 2025},
  year={2025}
}

@online{sage2025pme,
  title={PME et ETI : quand la transformation numérique s'impose},
  author={{Sage}},
  url={https://www.sage.com/fr-fr/blog/transformation-numerique-pme-et-eti-convaincues/},
  note={Consulté le 23 septembre 2025},
  year={2025}
}

@online{squidimpact2025ia,
  title={IA en France : Chiffres clés et panorama de l'adoption en entreprise},
  author={{Squid Impact}},
  url={https://www.squid-impact.fr/chiffres-cles-ia-france-entreprises-2025/},
  note={Consulté le 23 septembre 2025},
  year={2025}
}

% Ressources Académiques en Ligne
@online{frontiers2025technology,
  title={The technology acceptance model and adopter type classification for understanding AI adoption},
  author={{Frontiers in Artificial Intelligence}},
  url={https://www.frontiersin.org/journals/artificial-intelligence/articles/10.3389/frai.2024.1496518/full},
  note={Consulté le 23 septembre 2025},
  year={2025}
}

@online{newcastle2025technology,
  title={Technology Acceptance Model: A review},
  author={{Newcastle University - TheoryHub}},
  url={https://open.ncl.ac.uk/theories/1/technology-acceptance-model/},
  note={Consulté le 23 septembre 2025},
  year={2025}
}

@online{erudit2019facteurs,
  title={Facteurs d'adoption ou de rejet des technologies chez les enseignants},
  author={{Revue Sciences de Gestion}},
  journal={RITPU},
  volume={16},
  number={1},
  url={https://www.erudit.org/fr/revues/ritpu/2019-v16-n1-ritpu05061/1066592ar/},
  note={Consulté le 23 septembre 2025},
  year={2019}
}

@online{portsmouth2024is,
  title={Is it the end of the technology acceptance model in the era of artificial intelligence?},
  author={{University of Portsmouth}},
  note={Document de recherche. Consulté le 23 septembre 2025},
  year={2024}
}

% Articles Professionnels Spécialisés
@online{psicosmart2024comment,
  title={Comment les entreprises peuvent-elles surmonter les obstacles à l'adoption technologique},
  author={{PsicoSmart}},
  url={https://psico-smart.com/fr/blogs/blog-comment-les-entreprises-peuventelles-surmonter-les-obstacles-a-ladoption-technologique-81530},
  note={Consulté le 23 septembre 2025},
  year={2024}
}

@online{vorecol2024resistance,
  title={La résistance au changement technologique : psychologie et stratégies de soutien},
  author={{Vorecol}},
  url={https://vorecol.com/fr/blogs/blog-la-resistance-au-changement-technologique-psychologie-et-strategies-de-soutien-165942},
  note={Consulté le 23 septembre 2025},
  year={2024}
}

@online{vorecol2024comment,
  title={Comment les PME peuvent-elles réussir leur adoption technologique dans un environnement en constante évolution},
  author={{Vorecol}},
  url={https://vorecol.com/fr/blogs/blog-comment-les-pme-peuventelles-reussir-leur-adoption-technologique-dans-un-environnement-en-constante-evolution-75099},
  note={Consulté le 23 septembre 2025},
  year={2024}
}

% === SOURCES WIKIPEDIA ET ENCYCLOPÉDIQUES ===

@online{wikipedia2017modele,
  title={Modèle d'acceptation de la technologie},
  author={{Wikipedia}},
  url={https://fr.wikipedia.org/wiki/Mod%C3%A8le_d'acceptation_de_la_technologie},
  note={Consulté le 23 septembre 2025},
  year={2017}
}

@online{wikipedia2003technology,
  title={Technology Acceptance Model},
  author={{Wikipedia}},
  url={https://en.wikipedia.org/wiki/Technology_acceptance_model},
  note={Consulté le 23 septembre 2025},
  year={2003}
}

% === ARTICLES DE PRESSE ET MÉDIAS SPÉCIALISÉS ===

@online{allaboutai2025ai,
  title={AI Statistics in France 2025: Growth, Adoption, and Strategic Insights},
  author={{All About AI}},
  url={https://www.allaboutai.com/fr/resources/ai-statistics/},
  note={Consulté le 23 septembre 2025},
  year={2025}
}

@online{pepitestech2024startups,
  title={Les Start-up transformation numérique de France},
  author={{Les Pépites Tech}},
  url={https://lespepitestech.com/startup-collection/transformation-numerique},
  note={Consulté le 23 septembre 2025},
  year={2024}
}

@online{sap2023quest,
  title={Qu'est-ce que la transformation digitale d'entreprise},
  author={{SAP France}},
  url={https://www.sap.com/france/resources/what-is-digital-transformation},
  note={Consulté le 23 septembre 2025},
  year={2023}
}

% === RÉFÉRENCES COMPLÉMENTAIRES ===

@book{osterwalder2010business,
  title={Business model generation: a handbook for visionaries, game changers, and challengers},
  author={Osterwalder, Alexander and Pigneur, Yves},
  year={2010},
  publisher={John Wiley \& Sons}
}

@article{blank2013lean,
  title={The lean startup},
  author={Blank, Steve},
  journal={Harvard business review},
  volume={91},
  number={5},
  pages={63--72},
  year={2013}
}

@book{moore1991crossing,
  title={Crossing the chasm: Marketing and selling high-tech products to mainstream customers},
  author={Moore, Geoffrey A},
  year={1991},
  publisher={HarperBusiness}
}

@article{brynjolfsson2017artificial,
  title={Artificial intelligence and the modern productivity paradox: A clash of expectations and statistics},
  author={Brynjolfsson, Erik and Rock, Daniel and Syverson, Chad},
  journal={NBER Working Paper},
  number={24001},
  year={2017}
}