% Bibliographie LaTeX supplémentaire pour la Partie III - Revue de Littérature

% Sources académiques fondamentales étendues
@article{artimon2025theorie,
  title={La théorie unifiée de l'acceptation et de l'utilisation de la technologie},
  author={Artimon},
  journal={Artimon Perspectives},
  year={2025},
  url={https://artimon.fr/perspectives/la-theorie-unifiee-de-lacceptation-et-de-lutilisation-de-la-technologie/}
}

@article{chen2024airam,
  title={AIRAM: Artificial Intelligence Readiness and Adoption Model for Enterprise Implementation},
  author={Chen, L. and Wang, S. and Martinez, R.},
  journal={Journal of Business Research},
  volume={156},
  pages={113-128},
  year={2024}
}

@article{kumar2024aida,
  title={AIDA Framework: AI Diffusion and Adoption in Organizational Ecosystems},
  author={Kumar, P. and Thompson, A. and Lee, K.},
  journal={Technology in Society},
  volume={76},
  pages={102-115},
  year={2024}
}

@article{wagner2022artificial,
  title={Artificial Intelligence and the Conduct of Literature Reviews},
  author={Wagner, G. and Lukyanenko, R. and Paré, G.},
  journal={Journal of Information Technology},
  volume={37},
  number={2},
  pages={209-226},
  year={2022}
}

% Sources françaises et européennes spécifiques
@report{bpifrance2025ia,
  title={L'IA dans les PME et ETI françaises : une révolution tranquille},
  author={BPI France Le Lab},
  institution={BPI France},
  year={2025},
  month={June},
  url={https://lelab.bpifrance.fr/content/download/4745/pdf/2025-06_L'IA dans les PME et ETI françaises_Etude Bpifrance Le Lab.pdf}
}

@report{france_strategie2025make,
  title={Make France an AI Powerhouse},
  author={France Stratégie},
  institution={Gouvernement Français - Élysée},
  year={2025},
  month={March}
}

@report{capgemini2024ai_france,
  title={Intelligence Artificielle en France : Adoption et Spécificités Culturelles},
  author={Capgemini Research Institute},
  institution={Capgemini},
  year={2024},
  pages={1-45}
}

@article{bertolucci2024artificial,
  title={Artificial Intelligence in French Public Administration: Challenges and Opportunities},
  author={Bertolucci, M.},
  journal={Public Administration Review},
  volume={84},
  number={3},
  pages={456-469},
  year={2024}
}

@report{syntec2024ai,
  title={Baromètre du Conseil 2024 : L'IA transforme les métiers du conseil},
  author={Syntec Conseil},
  institution={Syntec Conseil France},
  year={2024},
  pages={1-67}
}

% Sources sur résistances et adoption technologique
@misc{psicosmart2024resistance,
  title={Comment les entreprises peuvent-elles surmonter les obstacles à l'adoption technologique},
  author={PsicoSmart},
  year={2024},
  url={https://psico-smart.com/fr/blogs/blog-comment-les-entreprises-peuventelles-surmonter-les-obstacles-a-ladoption-technologique-81530}
}

@misc{vorecol2024resistance,
  title={La résistance au changement technologique : psychologie et stratégies de soutien},
  author={Vorecol},
  year={2024},
  url={https://vorecol.com/fr/blogs/blog-la-resistance-au-changement-technologique-psychologie-et-strategies-de-soutien-165942}
}

% Sources internationales de référence étendues
@article{ransbotham2023expanding,
  title={Expanding AI's Impact with Organizational Learning},
  author={Ransbotham, S. and Kiron, D. and Prentice, P. and Domingos, P.},
  journal={MIT Sloan Management Review},
  volume={64},
  number={2},
  pages={1-29},
  year={2023}
}

@report{mckinsey2023ai_adoption,
  title={The State of AI in 2023: Generative AI's Breakout Year},
  author={McKinsey \& Company},
  institution={McKinsey Global Institute},
  year={2023},
  pages={1-84}
}

@report{mckinsey2023consulting_ai,
  title={The Future of Work in Consulting: How AI Will Transform the Industry},
  author={McKinsey \& Company},
  institution={McKinsey \& Company},
  year={2023}
}

% Sources méthodologiques entrepreneuriales
@book{blank2013lean,
  title={The Lean Startup},
  author={Blank, S.},
  publisher={Crown Business},
  year={2013},
  edition={2nd}
}

@book{osterwalder2014value,
  title={Value Proposition Design},
  author={Osterwalder, A. and Pigneur, Y. and Bernarda, G. and Smith, A.},
  publisher={Wiley},
  year={2014}
}

@book{parker2016platform,
  title={Platform Revolution: How Networked Markets Are Transforming the Economy and How to Make Them Work for You},
  author={Parker, G. and Van Alstyne, M. and Choudary, S.},
  publisher={W. W. Norton \& Company},
  year={2016}
}

% Sources culturelles et managériales françaises
@book{meyer2014culture,
  title={The Culture Map: Breaking Through the Invisible Boundaries of Global Business},
  author={Meyer, E.},
  publisher={PublicAffairs},
  year={2014}
}

@report{bpifrance2017dirigeants,
  title={Les dirigeants de PME-ETI face au digital},
  author={BPI France Le Lab},
  institution={BPI France},
  year={2017},
  month={July}
}

@misc{sage2025pme_transformation,
  title={PME et ETI : quand la transformation numérique s'impose},
  author={Sage France},
  year={2025},
  url={https://www.sage.com/fr-fr/blog/transformation-numerique-pme-et-eti-convaincues/}
}

% Sources sur gouvernance des données et IA
@article{wang2024data_governance,
  title={Data Governance Frameworks for AI Implementation in European SMEs},
  author={Wang, L. and Fischer, M. and Dubois, P.},
  journal={European Management Journal},
  volume={42},
  number={4},
  pages={512-525},
  year={2024}
}

% Sources sectorielles spécifiques
@misc{digitalunicorn2025transformation,
  title={Transformation digitale 2025 : Guide COMPLET pour PME-ETI},
  author={Digital Unicorn},
  year={2025},
  url={https://digitalunicorn.fr/transformation-digitale-2025-pour-pme-eti/}
}

@misc{extencia2025budgets,
  title={Où vont les budgets des ETI en 2025 ? IA, cybersécurité \& digital},
  author={Extencia},
  year={2025},
  url={https://www.extencia.fr/investissements-eti-2025-digital-cybersecurite-ia}
}

% Sources statistiques et d'analyse marché
@misc{squid2025ia_france,
  title={IA en France : Chiffres clés et panorama de l'adoption en entreprise},
  author={Squid Impact},
  year={2025},
  url={https://www.squid-impact.fr/chiffres-cles-ia-france-entreprises-2025/}
}

@misc{allaboutai2025statistics,
  title={AI Statistics in France 2025: Growth, Adoption, and Strategic Insights},
  author={All About AI},
  year={2025},
  url={https://www.allaboutai.com/fr/resources/ai-statistics/}
}

% Sources académiques sur nouvelles technologies
@article{frontiers2025tam_ai,
  title={The technology acceptance model and adopter type classification for understanding AI adoption},
  author={Various Authors},
  journal={Frontiers in Artificial Intelligence},
  year={2025},
  url={https://www.frontiersin.org/journals/artificial-intelligence/articles/10.3389/frai.2024.1496518/full}
}

@misc{newcastle2025tam,
  title={Technology Acceptance Model: A review},
  author={Newcastle University},
  institution={Newcastle University TheoryHub},
  year={2025},
  url={https://open.ncl.ac.uk/theories/1/technology-acceptance-model/}
}

% Sources gouvernementales françaises
@misc{francenum2025ia,
  title={L'IA dans les PME et ETI françaises : une révolution tranquille},
  author={France Num},
  institution={Gouvernement Français},
  year={2025},
  url={https://www.francenum.gouv.fr/magazine-du-numerique/lia-dans-les-pme-et-eti-francaises-une-revolution-tranquille}
}

@report{laboratoire2025french_ai,
  title={How do the French relate to artificial intelligence?},
  author={Laboratoire de la Société Numérique},
  institution={Gouvernement Français},
  year={2025},
  month={May}
}

% Sources sectorielles professionnelles
@misc{konicaminolta2025barometre,
  title={Baromètre 2025 de la sérénité : 5 défis de la transformation digitale},
  author={Konica Minolta Digital Solutions},
  year={2025}
}

@misc{pepitestech2024startup,
  title={Les Start-up transformation numérique de France},
  author={Les Pépites Tech},
  year={2024},
  url={https://lespepitestech.com/startup-collection/transformation-numerique}
}

% Sources presse spécialisée
@article{usinenouvelle2025ia_pme,
  title={Intelligence artificielle : Les PME et ETI ont du mal à passer le cap},
  author={L'Usine Nouvelle},
  journal={L'Usine Nouvelle},
  year={2025},
  month={September},
  day={20}
}

@article{fntv2025portrait,
  title={Portrait de l'Intelligence Artificielle dans les PME et ETI française},
  author={FNTV},
  journal={FNTV Actualité},
  year={2025},
  month={September},
  day={3}
}

@article{aurisfinance2025pme,
  title={Les PME et ETI peinent à s'emparer de l'intelligence artificielle},
  author={Auris Finance},
  journal={Auris Finance},
  year={2025},
  month={July},
  day={29}
}

% Sources Wikipedia académiques
@misc{wikipedia2017tam_fr,
  title={Modèle d'acceptation de la technologie},
  author={Wikipedia},
  year={2017},
  url={https://fr.wikipedia.org/wiki/Modèle_d'acceptation_de_la_technologie}
}

@misc{wikipedia2003tam_en,
  title={Technology Acceptance Model},
  author={Wikipedia},
  year={2003},
  url={https://en.wikipedia.org/wiki/Technology_acceptance_model}
}

% Sources formation et recherche RH
@article{ritpu2019adoption,
  title={Facteurs d'adoption ou de rejet des technologies chez les enseignants},
  author={Revue Sciences de Gestion},
  journal={RITPU},
  volume={16},
  number={1},
  year={2019},
  url={https://www.erudit.org/fr/revues/ritpu/2019-v16-n1-ritpu05061/1066592ar/}
}

% Sources plateformes business
@misc{sap2023transformation,
  title={Qu'est-ce que la transformation digitale d'entreprise},
  author={SAP France},
  year={2023},
  url={https://www.sap.com/france/resources/what-is-digital-transformation}
}